% Place relevant papers bibtex in here
@proceedings{DBLP:conf/antsw/2004,
  editor    = {Marco Dorigo and
               Mauro Birattari and
               Christian Blum and
               Luca Maria Gambardella and
               Francesco Mondada and
               Thomas St{\"{u}}tzle},
  title     = {Ant Colony Optimization and Swarm Intelligence, 4th International
               Workshop, {ANTS} 2004, Brussels, Belgium, September 5 - 8, 2004, Proceedings},
  series    = {Lecture Notes in Computer Science},
  volume    = {3172},
  publisher = {Springer},
  year      = {2004},
  url       = {https://doi.org/10.1007/b99492},
  doi       = {10.1007/b99492},
  isbn      = {3-540-22672-9},
  timestamp = {Thu, 15 Jun 2017 21:42:29 +0200},
  biburl    = {https://dblp.org/rec/bib/conf/antsw/2004},
  bibsource = {dblp computer science bibliography, https://dblp.org}
}

@inproceedings{DBLP:conf/antsw/VittoriGAFT04,
  author    = {Karla Vittori and
               Jacques Gautrais and
               Aluizio F. R. Ara{\'{u}}jo and
               Vincent Fourcassi{\'{e}} and
               Guy Theraulaz},
  title     = {Modeling Ant Behavior Under a Variable Environment},
  booktitle = {Ant Colony Optimization and Swarm Intelligence, 4th International
               Workshop, {ANTS} 2004, Brussels, Belgium, September 5 - 8, 2004, Proceedings},
  pages     = {190--201},
  year      = {2004},
  crossref  = {DBLP:conf/antsw/2004},
  url       = {https://doi.org/10.1007/978-3-540-28646-2_17},
  doi       = {10.1007/978-3-540-28646-2_17},
  timestamp = {Thu, 15 Jun 2017 21:42:29 +0200},
  biburl    = {https://dblp.org/rec/bib/conf/antsw/VittoriGAFT04},
  bibsource = {dblp computer science bibliography, https://dblp.org}
}

@book{DBLP:books/daglib/0032897,
  author    = {Scott Camazine and
               Jean{-}Louis Deneubourg and
               Nigel R. Franks and
               James Sneyd and
               Guy Theraulaz},
  title     = {Self-Organization in Biological Systems},
  series    = {Princeton studies in complexity},
  publisher = {Princeton University Press},
  year      = {2003},
  url       = {http://press.princeton.edu/titles/7104.html},
  isbn      = {978-0-691-11624-2},
  timestamp = {Wed, 12 Mar 2014 00:00:00 +0100},
  biburl    = {https://dblp.org/rec/bib/books/daglib/0032897},
  bibsource = {dblp computer science bibliography, https://dblp.org}
}

@article{DBLP:journals/ploscb/JiangGPELSHT17,
  author    = {Li Jiang and
               Luca Giuggioli and
               Andrea Perna and
               Ram{\'{o}}n Escobedo and
               Valentin Lecheval and
               Cl{\'{e}}ment Sire and
               Zhangang Han and
               Guy Theraulaz},
  title     = {Identifying influential neighbors in animal flocking},
  journal   = {PLoS Computational Biology},
  volume    = {13},
  number    = {11},
  year      = {2017},
  url       = {https://doi.org/10.1371/journal.pcbi.1005822},
  doi       = {10.1371/journal.pcbi.1005822},
  timestamp = {Fri, 09 Mar 2018 00:00:00 +0100},
  biburl    = {https://dblp.org/rec/bib/journals/ploscb/JiangGPELSHT17},
  bibsource = {dblp computer science bibliography, https://dblp.org}
}
