
@misc{noauthor_caste_nodate,
	title = {Caste {Terminology} - {AntWiki}},
	url = {http://www.antwiki.org/wiki/Caste_Terminology#Major_worker},
	urldate = {2018-05-07},
	file = {Caste Terminology - AntWiki:/home/blayze/Zotero/storage/JNYE29IX/Caste_Terminology.html:text/html}
}

@misc{noauthor_soldier_nodate,
	title = {soldier, ant, major, worker, big head},
	url = {http://antark.net/ant-life/the-family/soldier-ant/},
	abstract = {Learn about Soldier Ants, Major Workers or Big Heads, what they look like and their role in the an colony. Complete with Facts, Information and Photos.},
	language = {en},
	urldate = {2018-05-07},
	journal = {antARK},
	file = {Snapshot:/home/blayze/Zotero/storage/TYB6MSPL/soldier-ant.html:text/html}
}

@misc{noauthor_minor_nodate,
	title = {Minor {Worker} {Ants} {\textbar} {Facts}, {Information} and {Photos}},
	url = {http://antark.net/ant-life/the-family/worker-ant/},
	abstract = {Learn about Minor Worker Ants, what they look like and their role in an ant colony. Complete with Facts, Information and Photos.},
	language = {en},
	urldate = {2018-05-07},
	journal = {antARK},
	file = {Snapshot:/home/blayze/Zotero/storage/QE549ZNC/worker-ant.html:text/html}
}

@book{dorigo_ant_2004,
	series = {Lecture {Notes} in {Computer} {Science}},
	title = {Ant {Colony} {Optimization} and {Swarm} {Intelligence}, 4th {International} {Workshop}, {ANTS} 2004, {Brussels}, {Belgium}, {September} 5 - 8, 2004, {Proceedings}},
	volume = {3172},
	isbn = {3-540-22672-9},
	url = {https://doi.org/10.1007/b99492},
	publisher = {Springer},
	editor = {Dorigo, Marco and Birattari, Mauro and Blum, Christian and Gambardella, Luca Maria and Mondada, Francesco and Stützle, Thomas},
	year = {2004},
	doi = {10.1007/b99492}
}

@inproceedings{vittori_modeling_2004,
	title = {Modeling {Ant} {Behavior} {Under} a {Variable} {Environment}},
	url = {https://doi.org/10.1007/978-3-540-28646-2_17},
	doi = {10.1007/978-3-540-28646-2_17},
	booktitle = {Ant {Colony} {Optimization} and {Swarm} {Intelligence}, 4th {International} {Workshop}, {ANTS} 2004, {Brussels}, {Belgium}, {September} 5 - 8, 2004, {Proceedings}},
	author = {Vittori, Karla and Gautrais, Jacques and Araújo, Aluizio F. R. and Fourcassié, Vincent and Theraulaz, Guy},
	year = {2004},
	pages = {190--201}
}

@book{camazine_self-organization_2003,
	series = {Princeton studies in complexity},
	title = {Self-{Organization} in {Biological} {Systems}},
	isbn = {978-0-691-11624-2},
	url = {http://press.princeton.edu/titles/7104.html},
	publisher = {Princeton University Press},
	author = {Camazine, Scott and Deneubourg, Jean-Louis and Franks, Nigel R. and Sneyd, James and Theraulaz, Guy},
	year = {2003}
}

@article{jiang_identifying_2017,
	title = {Identifying influential neighbors in animal flocking},
	volume = {13},
	url = {https://doi.org/10.1371/journal.pcbi.1005822},
	doi = {10.1371/journal.pcbi.1005822},
	number = {11},
	journal = {PLoS Computational Biology},
	author = {Jiang, Li and Giuggioli, Luca and Perna, Andrea and Escobedo, Ramón and Lecheval, Valentin and Sire, Clément and Han, Zhangang and Theraulaz, Guy},
	year = {2017}
}
